@article{einstein1905,
  title={Zur Elektrodynamik bewegter K{\"o}rper},
  author={Einstein, Albert},
  journal={Annalen der Physik},
  volume={17},
  number={10},
  pages={891--921},
  year={1905},
  publisher={Wiley Online Library}
}

@book{feynman1963,
  title={The Feynman Lectures on Physics},
  author={Feynman, Richard P and Leighton, Robert B and Sands, Matthew},
  volume={1},
  year={1963},
  publisher={Addison-Wesley Publishing Company}
}

@article{shannon1948,
  title={A mathematical theory of communication},
  author={Shannon, Claude E},
  journal={The Bell System Technical Journal},
  volume={27},
  number={3},
  pages={379--423},
  year={1948},
  publisher={Nokia Bell Labs}
}

@inproceedings{turing1950,
  title={Computing machinery and intelligence},
  author={Turing, Alan M},
  booktitle={Mind},
  volume={59},
  number={236},
  pages={433--460},
  year={1950},
  organization={Oxford University Press}
}

@article{watson1953,
  title={Molecular structure of nucleic acids: a structure for deoxyribose nucleic acid},
  author={Watson, James D and Crick, Francis HC},
  journal={Nature},
  volume={171},
  number={4356},
  pages={737--738},
  year={1953},
  publisher={Nature Publishing Group}
}

@book{wertz2011space,
  title={Space Mission Analysis and Design},
  author={Wertz, James R and Everett, David F and Puschell, Jeffery J},
  year={2011},
  publisher={Microcosm Press}
}

@article{nasa2019europa,
  title={Europa Clipper Mission: Overview},
  author={{NASA JPL}},
  journal={NASA Technical Publication},
  year={2019},
  volume={2019-220449}
}

@article{chien2005autonomous,
  title={Autonomous science operations for the Mars Express mission},
  author={Chien, Steve and Sherwood, Rob and Tran, Daniel},
  journal={IEEE Transactions on Aerospace and Electronic Systems},
  volume={41},
  number={4},
  pages={1324--1340},
  year={2005}
}

@article{thornton2009radiometric,
  title={Radiometric tracking techniques for deep-space navigation},
  author={Thornton, Catherine L and Border, James S},
  journal={Deep Space Communications and Navigation Series},
  year={2009},
  publisher={Wiley-Interscience}
}

@article{bhaskaran2012autonomous,
  title={Autonomous optical navigation for interplanetary missions},
  author={Bhaskaran, Shyam and Desai, Shyam and Dumont, Paul},
  journal={Journal of Guidance, Control, and Dynamics},
  volume={35},
  number={4},
  pages={1166--1176},
  year={2012}
}

@article{owen2011optical,
  title={Optical navigation for proximity operations at asteroid Vesta},
  author={Owen, William M and Vaughan, Adam T and Synnott, Stephen P},
  journal={AAS/AIAA Astrodynamics Specialist Conference},
  year={2011}
}

@article{izzo2019machine,
  title={A survey of machine learning applications to spacecraft operations},
  author={Izzo, Dario and MÃ¤rtens, Marcus and Pan, Binfeng},
  journal={Acta Astronautica},
  volume={162},
  pages={401--418},
  year={2019}
}

@article{calinon2016tutorial,
  title={A tutorial on task-parameterized movement learning and retrieval},
  author={Calinon, Sylvain},
  journal={Intelligent Service Robotics},
  volume={9},
  number={1},
  pages={1--29},
  year={2016}
}

@inproceedings{pervez2017learning,
  title={Learning deep movement primitives using convolutional neural networks},
  author={Pervez, Affan and Lee, Dongheui},
  booktitle={2017 IEEE-RAS 17th International Conference on Humanoid Robotics},
  pages={191--197},
  year={2017}
}

@article{silverstein2018gaussian,
  title={Gaussian mixture model-based spacecraft attitude estimation},
  author={Silverstein, Brian and Crassidis, John L},
  journal={Journal of Guidance, Control, and Dynamics},
  volume={41},
  number={6},
  pages={1408--1415},
  year={2018}
}